@Article{scient,
	author = {Stuart F. Brown},
	title = {How it Works: Multi-touch Surfaces Explained},
	month = {July},
	year  = {2008},
	journal = {Scientific American}
}

@Misc{virttable,
	author = {Johannes Luderschmidt},
	title = {The Multi-Touch Virttable},
	howpublished = {\url{http://johannesluderschmidt.de/lang/en-us/the-multi-touch-table-virttable/153/}, acessado em 26/06/2010}
}

@Misc{phun,
	author = {Algoryx},
	title = {Phun},
	howpublished = {\url{http://www.phunland.com/wiki/Home}, acessado em 26/06/2010}
}

@Misc{muller,
  title={{Multi-touch displays: design, applications and performance evaluation}},
  author={Muller, LYL},
  journal={2008-07-02. http://staff. science. uva. nl/lmuller/multitouch\_ thesis/multitouch\_ presentation, pdf}
}

@Manual{Box2Dmanual,
	author = {Erin Catto},
	title  ={Box2D v2.1.0 User Manual},
	year = {2007-2010},
	note = {Dispoível em \url{http://www.box2d.org/manual.html}}
}

@Mastersthesis{multnump,
	author		=	{Thomas Perl and Stefan Kögl},
	title			=	{Adaptation and Evaluation of Numpty Physics for
							 Multi-Touch Multi-Player Interaction},
	address		=	{Vienna},
	month			=	{August},
	year			=	{2009},
	url				=	{http://thpinfo.com/2009/mt/np.pdf},
	school		=	{Vienna University of Technology, Institute of Computarized Automation},
	type			=	{Bachelor's Thesis},
}

@Book{I2GMDVP,
	editor = {Steve Rabin},
	title = {Introduction to game development},
	year = {2005},
	publisher = {Charles River Media}
}

@Mastersthesis{pedrosaulo,
	author		=	{Pedro Guerra Brandão and Saulo Camarotti Rayol Braga},
	title			=	{Constru\c{c}\~ao de um jogo eletr\^onico multiusu\'ario
							 em uma superf\'icie de proje\c{c}\~ao multitoque},
	address		=	{Bras\'ilia},
	month			=	{July},
	year			=	{2009},
	school		=	{Universidade de Brasília, departamento de Ciência da Computação},
	type			=	{Trabalho de Gradua\c{c}\~ao},
}

@Mastersthesis{multphys,
	author		=	{Hans Hartman},
	title			=	{Multiplayer games and physics on multi-touch screen devices},
	year			=	{2008},
	school		=	{Lule\aa{} University of Technology, departament of Skellefte\aa{} Campus},
	type			=	{Bachelor's Thesis},
}

@Misc{barcelonamultcrayon,
	author = {Multitouch Barcelona},
	title = {Multitouch Crayon Physics},
	year = {2008},
	howpublished = {\url{http://blog.multitouch-barcelona.com/2008/05/multitouch-crayon-physics-is-available.html}, acessado em 26/06/2010}
}
