@Mastersthesis{multnump,
	author		=	{T. Perl and S. Kögl},
	title			=	{Adaptation and Evaluation of Numpty Physics for
							 Multi-Touch Multi-Player Interaction},
	address		=	{Vienna},
	month			=	{August},
	year			=	{2009},
	url				=	{http://thpinfo.com/2009/mt/np.pdf},
	school		=	{Vienna University of Technology, Institute of Computarized Automation},
	type			=	{Bachelor's Thesis},
}

@Misc{react,
	author		=	{Reactable},
	howpublished	=	{\url{http://www.reactable.com/}, acessado em 26/06/2010},
}

@Mastersthesis{pedrosaulo,
	author		=	{P. G. Brandão and S. C. R. Braga},
	title			=	{Constru\c{c}\~ao de um jogo eletr\^onico multiusu\'ario
							 em uma superf\'icie de proje\c{c}\~ao multitoque},
	address		=	{Bras\'ilia},
	month			=	{July},
	year			=	{2009},
	school		=	{Universidade de Brasília, Departamento de Ciência da Computação},
	type			=	{Trabalho de Gradua\c{c}\~ao},
}

@Mastersthesis{multphys,
	author		=	{H. Hartman},
	title			=	{Multiplayer games and physics on multi-touch screen devices},
	year			=	{2008},
	school		=	{Lule\aa{} University of Technology, Departament of Skellefte\aa{} Campus},
	type			=	{Bachelor's Thesis},
}

@Misc{gameoflife,
	author		=	{T. Streeter},
	title			=	{The Verve Project},
	month			=	{January},
	year			=	{2008},
	howpublished	=	{\url{http://verveproject.blogspot.com/2008/01/multitouch-game-of-life.html}, acessado em 26/06/2010},
}

@Misc{microsoftsurface,
	author		= {Microsoft},
	title			= {Microsoft Surface},
	howpublished	= {\url{http://www.microsoft.com/surface}, acessado em 26/06/2010},
}

@inproceedings{laundrygame,
	 author 		= {Khaled, R. and Barr, P. and Johnston, H. and Biddle, R.},
	 title 			= {Let's clean up this mess: exploring multi-touch collaborative play},
	 booktitle 	= {CHI '09: Proceedings of the 27th international conference extended abstracts on Human factors in computing systems},
	 year 			= {2009},
	 isbn 			= {978-1-60558-247-4},
	 pages 			= {4441--4446},
	 location 	= {Boston, MA, USA},
	 doi 				= {http://doi.acm.org/10.1145/1520340.1520680},
	 publisher 	= {ACM},
	 address 		= {New York, NY, USA},
}

@Misc{crayonphysics,
	author		= {Kloonigames},
	title			= {Crayon Physics},
	howpublished	= {\url{http://www.crayonphysics.com/}, acessado em 26/06/2010},
}

@Misc{numptyphysics,
	author		= {T. Edmonds},
	title			= {Numpty Physics},
	howpublished	= {\url{http://numptyphysics.garage.maemo.org/}, acessado em 26/06/2010},
}

@Misc{mtmini,
	author = {S. Sandler},
	title = {MTmini - DIY Multitouch Mini Pad},
	year = {2008},
	howpublished = {\url{http://sethsandler.com/multitouch/mtmini/}, acessado em 26/06/2010},
}

@Misc{barcelonamultcrayon,
	author = {M. Barcelona},
	title = {Multitouch Crayon Physics},
	howpublished = {\url{http://blog.multitouch-barcelona.com/2008/05/multitouch-crayon-physics-is-available.html}, acessado em 26/06/2010}
}

@Misc{lbp,
	author = {M. Molecule},
	title = {Little Big Planet},
	month = {October},
	year = {2008},
	howpublished = {\url{http://www.littlebigplanet.com/}, acessado em 26/06/2010}
}

@Misc{lbp2,
	author = {M. Molecule},
	title = {Little Big Planet 2},
	month = {November},
	year = {2010},
	howpublished = {\url{http://www.littlebigplanet.com/en-us/2/}, acessado em 26/06/2010}
}

@Misc{mdr,
	author = {M. Molecule},
	title = {Modnation Racer},
	month = {May},
	year = {2010},
	howpublished = {\url{http://www.modnation.com/index/}, acessado em 26/06/2010}
}

@Misc{ps3,
	author = {S. C. Entertainment},
	title = {Playstation 3},
	howpublished = {\url{http://us.playstation.com/ps3/}, acessado em 26/06/2010}
}

@Misc{psp,
	author = {S. C. Entertainment},
	title = {Playstation Portable},
	howpublished = {\url{http://us.playstation.com/psp/index.htm}, acessado em 26/06/2010}
}

@Article{scient,
	author = {S. F. Brown},
	title = {How it Works: Multi-touch Surfaces Explained},
	month = {June},
	day = {18},
	year  = {2008},
	journal = {Scientific American},
	note = {Supplement to the feature ``Hands On Computing: How Multi-touch Screens Could Change The Way We Interact With Computers and Each Other", printed in the July 2008 issue of Scientific American. \url{http://www.scientificamerican.com/article.cfm?id=how-it-works-touch-surfaces-explained}, acessado em 26/06/2010}
}

@Misc{virttable,
	author = {J. Luderschmidt},
	title = {The Multi-Touch Virttable},
	howpublished = {\url{http://johannesluderschmidt.de/lang/en-us/the-multi-touch-table-virttable/153/}, acessado em 26/06/2010}
}

@Misc{sebrae,
	author = {SEBRAE},
	title = {Brasil e China puxarão crescimento na área de entretenimento até 2014},
	howpublished = {\url{http://www.sebrae-sc.com.br/novos_destaques/oportunidade/default.asp?materia=18891}, acessado em 26/06/2010}
}

@Misc{phun,
	author = {Algoryx},
	title = {Phun},
	howpublished = {\url{http://www.phunland.com/wiki/Home}, acessado em 26/06/2010}
}

@Misc{algodoo,
	author = {Algoryx},
	title = {Algodoo},
	howpublished = {\url{http://www.algodoo.com/wiki/Home}, acessado em 26/06/2010}
}

@Book{I2GMDVP,
	editor = {S. Rabin},
	title = {Introduction to game development},
	year = {2005},
	publisher = {Charles River Media}
}

@Misc{muller,
  title={{Multi-touch displays: design, applications and performance evaluation}},
  author={Muller, L. Y. L.},
  journal={2008-07-02. http://staff. science. uva. nl/lmuller/multitouch\_ thesis/multitouch\_ presentation, pdf}
}

@Manual{Box2Dmanual,
	author = {E. Catto},
	title  ={Box2D v2.1.0 User Manual},
	year = {2007-2010},
	note = {Disponível em \url{http://www.box2d.org/manual.html}}
}

@Misc{retro,
	author = {T. Teabag},
	title = {Retro Computing Corner: The World's First Videogames},
	howpublished = {\url{http://www.teamteabag.com/2008/05/17/retro-computing-corner-the-worlds-first-videogames/}, acessado em 26/06/2010}
}

@Misc{atari,
	author = {Terra},
	title = {Conheça a história da Atari},
	howpublished = {\url{http://games.terra.com.br/interna/0,,OI1966183-EI1702,00.html}, acessado em 26/06/2010}
}

@Misc{odyssey,
	author = {O. T. Zmovirzynski},
	title = {Odyssey - O primeiro console de videogame da história},
	howpublished = {\url{http://midiaville.com.br/blog/momento-de-distrair/odyssey-o-primeiro-console-de-videogame-da-historia/}, acessado em 26/06/2010}
}

@Misc{nes,
	author = {T. D. Different},
	title = {Ten Great Rivalries},
	howpublished = {\url{http://www.becks.com/2009/02/06/ten-great-rivalries/}, acessado em 26/06/2010}
}

@Misc{controles,
	author = {P. J. Hruschak},
	title = {WiiMote vs. Move vs. Kinect: Comparing control schemes in the three-way battle for motion control},
	howpublished = {\url{http://www.gamertell.com/gaming/comment/wiimote-playstation-move-kinect-motion-controller-comparison/}, acessado em 26/06/2010}
}

@Misc{consoles,
	author = {Izanagi},
	title = {Game Locker: PS3 vs Xbox 360 vs Wii},
	howpublished = {\url{http://techknowbabel.com/2010/02/27/game-locker-ps3-vs-xbox-360-vs-wii/}, acessado em 26/06/2010}
}

@Misc{blackandwhite,
	author = {B. Bors},
	title = {The Role Of The Mouse In Audio Games},
	howpublished = {\url{http://www.game-accessibility.com/index.php?pagefile=roleMouseAudioGames}, acessado em 26/06/2010}
}

@Misc{gestos,
	author = {G. Works},
	title = {Established Multitouch Gesture Support},
	howpublished = {\url{http://gestureworks.com/about/supported-gestures/}, acessado em 26/06/2010}
}

@Inproceedings {TUIO,
  title    = {Tuio: A protocol for table-top tangible user interfaces.},
  author   = {Kaltenbrunner, M. and Bovermann, T. and Bencina, R. and Constanza, E.},
  booktitle = {6th International Workshop on Gesture in Human-Computer Interaction and Simulation},
  year = {2005},
}

@Misc{Touchlib,
	key = {Tlib},
	title  = {Touchlib: a library for creating multi-touch interaction surfaces.},
	howpublished = {\url{http://nuigroup.com/touchlib/}, acessado em novembro/2010}
}

@Article{IRTaktiks,
  author = {Schneider, W. S. and Dias F., N. C. and Mauruto, L. H. M. and Miranda, F. R.},
  title = {IRTaktiks: Jogo de Estratégia para Mesa Multitoque},
  journal = {SBGames 2008, Belo Horizonte},
  year = {2008},
  month = {November}
}

@Misc{Touchlibref,
  author = {Muller, L. Y. L.},
	title  = {Unofficial Touchlib Reference.},
	howpublished = {\url{http://www.multigesture.net/wp-content/uploads/Touchlib_Reference.pdf}, acessado em 28/01/2011}
}

@Misc{Touchmagix,
	author = {Magix, T.},
	title  = {Touch Magix.},
	howpublished = {\url{http://www.touchmagix.com/indexEnquiry.html?gclid=CKbJgvLV4qYCFa5k7AodSUDn2g}, acessado em 29/01/2011}
}

@Misc{ideum,
	author = {Ideum},
	title  = {Ideum's 100"\ MultiTouch Table Supports 50 Users.},
	howpublished = {\url{http://hothardware.com/News/Ideums-100-MultiTouch-Table-Supports-50-Users-Air-Hockey-Anyone/}, acessado em 29/01/2011}
}
